
@online{yudkowskyeliezerSayNotComplexity2007,
  title = {Say {{Not}} "{{Complexity}}"},
  url = {https://www.lesswrong.com/posts/kpRSCH7ALLcb6ucWM/say-not-complexity},
  urldate = {2018-04-25},
  date = {2007-08-29},
  author = {Yudkowsky, Eliezer},
  file = {/home/work/Zotero/storage/KZ7TISTE/say-not-complexity.html}
}


